@preamble{ "\newcommand{\noopsort}[1]{} "
	# "\newcommand{\printfirst}[2]{#1} "
	# "\newcommand{\singleletter}[1]{#1} "
	# "\newcommand{\switchargs}[2]{#2#1} " }

@article{loose2016real,
  title={Real-time selective sequencing using nanopore technology},
  author={Loose, Matthew and Malla, Sunir and Stout, Michael},
  journal={Nature methods},
  volume={13},
  number={9},
  pages={751},
  year={2016},
  publisher={Nature Publishing Group}
}

@article{lu2016oxford,
  title={Oxford Nanopore MinION sequencing and genome assembly},
  author={Lu, Hengyun and Giordano, Francesca and Ning, Zemin},
  journal={Genomics, proteomics \& bioinformatics},
  volume={14},
  number={5},
  pages={265--279},
  year={2016},
  publisher={Elsevier}
}

@book{Zvelebil2008,
  title={Understanding bioinformatics},
  author={Zvelebil, Marketa J. and Baum, Jeremy O.},
  year={2008},
  publisher={Garland Science}
}

@article{altschul1990basic,
  title={Basic local alignment search tool},
  author={Altschul, Stephen F and Gish, Warren and Miller, Webb and Myers, Eugene W and Lipman, David J},
  journal={Journal of molecular biology},
  volume={215},
  number={3},
  pages={403--410},
  year={1990},
  publisher={Elsevier}
}

@article{loman2014poretools,
  title={Poretools: a toolkit for analyzing nanopore sequence data},
  author={Loman, Nicholas J and Quinlan, Aaron R},
  journal={Bioinformatics},
  volume={30},
  number={23},
  pages={3399--3401},
  year={2014},
  publisher={Oxford University Press}
}

@article{clanok,
    title = 	{Názov článku z časopisu},
    author =	{X. Autor1 and Y. Autor2},
    journal = {Názov časopisu, ktorý článok uverejnil},
    volume = {4},
    number = {3},
    year = {1900},
    pages = {1-100},
}

@Book{kniha,
    author ={X. Autor1 and Y. Autor2},
    title =        {Názov knihy},
    publisher =    {Vydavateľstvo},
    year =         {1900},
}


@techreport{technical_report,
    author =	{X. Autor1 and Y. Autor2},
    title= {Názov technickej správy},
    year={June 1999},
    institution = {Inštitút vydávajúci správu},
    number = {TR123/1999}
}

@inproceedings{clanok_na_konferencii,
    author =	{X. Autor1 and Y. Autor2},
    title = {Názov článku (väčšinou z konferencie)},
    booktitle = {Názov zborníka (väčšinou názov konferencie spolu s ročníkom)},
    year = {1900},
    pages = {1-100},
    url = {http://xxx.yyy.com},
}    


    
@misc{smernica,
 title={Vnútorný predpis č. 12/2013,
Smernica rektora {U}niverzity {K}omenského v {B}ratislave
o základných náležitostiach záverečných prác, rigoróznych 
prác a habilitačných prác, kontrole ich  originality, 
uchovávaní a sprístupňovaní  na {U}niverzite {K}omenského v {B}ratislave},
 author={{Univerzita Komenského v Bratislave}},
 year={2013},
 note={\url{https://uniba.sk/fileadmin/ruk/legislativa/2013/Vp_2013_12.pdf}},
}

@Book{Oetiker2000,
  author = 	 {Tobias Oetiker and Hubert Partl and Irene Hyna and Elisabeth Schlegl},
  title = 	 {Nie príliš stručný úvod do systému LaTeX2e},
  year = 	 {2002},
  note = {Preklad Ján Buša ml. a st}
}

